@article{bezanilla2005vgic,
  author={Bezanilla, F.},
  journal={IEEE Transactions on NanoBioscience}, 
  title={Voltage-gated ion channels}, 
  year={2005},
  volume={4},
  number={1},
  pages={34-48},
  doi={10.1109/TNB.2004.842463}
}

@article{brouillette2004functional,
  title={Functional properties of K+ currents in adult mouse ventricular myocytes},
  author={Brouillette, Judith and Clark, Robert B and Giles, Wayne R and Fiset, C{\'e}line},
  journal={The Journal of physiology},
  volume={559},
  number={3},
  pages={777--798},
  year={2004},
  publisher={Wiley Online Library}
}

@article{brunet2004heterogeneous,
  title={Heterogeneous expression of repolarizing, voltage-gated K+ currents in adult mouse ventricles},
  author={Brunet, Sylvain and Aimond, Franck and Li, Huilin and Guo, Weinong and Eldstrom, Jodene and Fedida, David and Yamada, Kathryn A and Nerbonne, Jeanne M},
  journal={The Journal of physiology},
  volume={559},
  number={1},
  pages={103--120},
  year={2004},
  publisher={Wiley Online Library}
}

@article{grant2009cardiac,
  title={Cardiac ion channels},
  author={Grant, Augustus O},
  journal={Circulation: Arrhythmia and Electrophysiology},
  volume={2},
  number={2},
  pages={185--194},
  year={2009},
  publisher={Am Heart Assoc}
}

@article{liu2011dissection,
  title={Dissection of the voltage-activated potassium outward currents in adult mouse ventricular myocytes: I to, f, I to, s, I K, slow1, I K, slow2, and I ss},
  author={Liu, Jie and Kim, Kyoung-Han and London, Barry and Morales, Michael J and Backx, Peter H},
  journal={Basic research in cardiology},
  volume={106},
  number={2},
  pages={189--204},
  year={2011},
  publisher={Springer}
}

@incollection{nerbonne2003molecular,
  title={Molecular diversity of ion channels in the mouse heart},
  author={Nerbonne, Jeanne M},
  booktitle={Cardiac Drug Development Guide},
  pages={245--269},
  year={2003},
  publisher={Springer}
}

@article{veeraraghavan2014mechanisms,
  title={Mechanisms of cardiac conduction: a history of revisions},
  author={Veeraraghavan, Rengasayee and Gourdie, Robert G and Poelzing, Steven},
  journal={American Journal of Physiology-Heart and Circulatory Physiology},
  volume={306},
  number={5},
  pages={H619--H627},
  year={2014},
  publisher={American Physiological Society Bethesda, MD},
  doi={doi:10.1152/ajpheart.00760.2013}
}

@article{winslow2011integrative,
  title={Integrative modeling of the cardiac ventricular myocyte},
  author={Winslow, Raimond L and Cortassa, Sonia and O'Rourke, Brian and Hashambhoy, Yasmin L and Rice, John Jeremy and Greenstein, Joseph L},
  journal={Wiley Interdisciplinary Reviews: Systems Biology and Medicine},
  volume={3},
  number={4},
  pages={392--413},
  year={2011},
  publisher={Wiley Online Library}
}

@article{xu1999four,
  title={Four kinetically distinct depolarization-activated K+ currents in adult mouse ventricular myocytes},
  author={Xu, Haodong and Guo, Weinong and Nerbonne, Jeanne M},
  journal={The Journal of general physiology},
  volume={113},
  number={5},
  pages={661--678},
  year={1999},
  publisher={The Rockefeller University Press}
}